<record><leader>00000cas a22000007a 4500</leader><controlfield tag="001">10751020</controlfield><controlfield tag="008">840519d17981799mduir ne      0   a0eng d</controlfield><datafield ind1=" " ind2=" " tag="010"><subfield code="a">sn 84026870 </subfield></datafield><datafield ind1=" " ind2=" " tag="040"><subfield code="a">NPU</subfield><subfield code="b">eng</subfield><subfield code="c">NPU</subfield><subfield code="d">NPX</subfield><subfield code="d">OCL</subfield><subfield code="d">MFN</subfield><subfield code="d">MGN</subfield><subfield code="d">OCLCQ</subfield><subfield code="d">DLC</subfield><subfield code="d">HUL</subfield></datafield><datafield ind1=" " ind2=" " tag="012"><subfield code="b">3</subfield></datafield><datafield ind1="0" ind2=" " tag="022"><subfield code="a">2333-0732</subfield><subfield code="l">2333-0732</subfield><subfield code="2">1</subfield></datafield><datafield ind1=" " ind2=" " tag="042"><subfield code="a">msc</subfield><subfield code="a">nsdp</subfield></datafield><datafield ind1="1" ind2="0" tag="050"><subfield code="a">ISSN RECORD</subfield></datafield><datafield ind1="1" ind2="0" tag="082"><subfield code="a">071</subfield><subfield code="2">23</subfield></datafield><datafield ind1=" " ind2="4" tag="222"><subfield code="a">The Baltimore intelligencer</subfield></datafield><datafield ind1="0" ind2="4" tag="245"><subfield code="a">The Baltimore intelligencer.</subfield></datafield><datafield ind1=" " ind2=" " tag="260"><subfield code="a">Baltimore, Md. :</subfield><subfield code="b">William Pechin</subfield></datafield><datafield ind1=" " ind2=" " tag="300"><subfield code="a">v.</subfield></datafield><datafield ind1=" " ind2=" " tag="310"><subfield code="a">Triweekly</subfield></datafield><datafield ind1="1" ind2=" " tag="362"><subfield code="a">Began with Mar. 7, 1798 issue; ceased in May 1799.</subfield></datafield><datafield ind1=" " ind2=" " tag="588"><subfield code="a">Description based on: Vol. 1, no. 11 (Mar. 30, 1798).</subfield></datafield><datafield ind1=" " ind2=" " tag="752"><subfield code="a">United States</subfield><subfield code="b">Maryland</subfield><subfield code="d">Baltimore.</subfield></datafield><datafield ind1="0" ind2="0" tag="780"><subfield code="t">Eagle of freedom, or, The Baltimore Town &amp; Fell's Point gazette</subfield><subfield code="x">2333-0740</subfield><subfield code="w">(DLC)sn 89060425</subfield><subfield code="w">(OCoLC)19675347</subfield></datafield><datafield ind1="0" ind2="0" tag="785"><subfield code="t">American and daily advertiser</subfield><subfield code="x">2333-0708</subfield><subfield code="w">(DLC)sn 83009602</subfield><subfield code="w">(OCoLC)9230831</subfield></datafield></record>